% Normes
@standard{en13306,
  title={EN 13306:2017 — Maintenance — Maintenance terminology},
  organization={European Committee for Standardization},
  year={2017},
  note={Available: https://standards.cencenelec.eu}
}

@standard{iso17359,
  title={ISO 17359:2018 — Condition monitoring and diagnostics of machines — General guidelines},
  organization={International Organization for Standardization},
  year={2018},
  note={Available: https://www.iso.org/standard/71194.html}
}

@standard{iso20816-1,
  title={ISO 20816-1:2016 — Mechanical vibration — Measurement and evaluation of machine vibration — Part 1: General guidelines},
  organization={International Organization for Standardization},
  year={2016},
  note={Available: https://www.iso.org/standard/63180.html}
}

@standard{iso20816-3,
  title={ISO 20816-3:2022 — Mechanical vibration — Measurement and evaluation of machine vibration — Part 3: Industrial machinery},
  organization={International Organization for Standardization},
  year={2022},
  note={Available: https://www.iso.org/standard/78311.html}
}

% Articles de référence
@article{jardine2006,
  title={A review on machinery diagnostics and prognostics implementing condition-based maintenance},
  author={Jardine, A. K. S. and Lin, D. and Banjevic, D.},
  journal={Mechanical Systems and Signal Processing},
  volume={20},
  number={7},
  pages={1483--1510},
  year={2006},
  doi={10.1016/j.ymssp.2005.09.012}
}

@article{lee2014,
  title={Prognostics and health management design for rotary machinery systems—Reviews, methodology and applications},
  author={Lee, J. and Wu, F. and Zhao, W. and Ghaffari, M. and Liao, L. and Siegel, D.},
  journal={Mechanical Systems and Signal Processing},
  volume={42},
  number={1–2},
  pages={314--334},
  year={2014},
  doi={10.1016/j.ymssp.2013.06.004}
}

@book{mobley2002,
  title={An Introduction to Predictive Maintenance},
  author={Mobley, R. K.},
  edition={2nd},
  publisher={Butterworth-Heinemann/Elsevier},
  address={Burlington, MA, USA},
  year={2002}
}

% Industry 4.0
@article{lasi2014,
  title={Industry 4.0},
  author={Lasi, H. and Fettke, P. and Kemper, H.-G. and Feld, T. and Hoffmann, M.},
  journal={Business \& Information Systems Engineering},
  volume={6},
  number={4},
  pages={239--242},
  year={2014},
  doi={10.1007/s12599-014-0334-4}
}

@techreport{kagermann2013,
  title={Recommendations for Implementing the Strategic Initiative INDUSTRIE 4.0 — Final Report of the Industrie 4.0 Working Group},
  author={Kagermann, H. and Wahlster, W. and Helbig, J.},
  institution={acatech},
  year={2013},
  note={Available: https://en.acatech.de/publication/recommendations-for-implementing-the-strategic-initiative-industrie-4-0-final-report-of-the-industrie-4-0-working-group/}
}

@article{shi2016,
  title={Edge computing: Vision and challenges},
  author={Shi, W. and Cao, J. and Zhang, Q. and Li, Y. and Xu, L.},
  journal={IEEE Internet of Things Journal},
  volume={3},
  number={5},
  pages={637--646},
  year={2016},
  doi={10.1109/JIOT.2016.2579198}
}

% Vibration analysis
@article{tiboni2022,
  title={A review on vibration-based condition monitoring of rotating machinery},
  author={Tiboni, M. and Remino, C. and Bussola, R. and Amici, C.},
  journal={Applied Sciences},
  volume={12},
  number={3},
  pages={972},
  year={2022},
  doi={10.3390/app12030972}
}

@techreport{bkvibro2002,
  title={Detecting Faulty Rolling Element Bearings},
  author={{B\&K Vibro}},
  institution={Brüel \& Kjær Vibro},
  year={2002},
  note={Application Note}
}

@article{cooley1965,
  title={An algorithm for the machine calculation of complex Fourier series},
  author={Cooley, J. W. and Tukey, J. W.},
  journal={Mathematics of Computation},
  volume={19},
  number={90},
  pages={297--301},
  year={1965},
  doi={10.1090/S0025-5718-1965-0178586-1}
}

@book{oppenheim2010,
  title={Discrete-Time Signal Processing},
  author={Oppenheim, A. V. and Schafer, R. W.},
  edition={3rd},
  publisher={Prentice Hall},
  address={Upper Saddle River, NJ, USA},
  year={2010}
}

% Anomaly detection
@article{chandola2009,
  title={Anomaly detection: A survey},
  author={Chandola, V. and Banerjee, A. and Kumar, V.},
  journal={ACM Computing Surveys},
  volume={41},
  number={3},
  pages={1--58},
  year={2009},
  doi={10.1145/1541880.1541882}
}

@inproceedings{macqueen1967,
  title={Some methods for classification and analysis of multivariate observations},
  author={MacQueen, J. B.},
  booktitle={Proceedings of the 5th Berkeley Symposium on Mathematical Statistics and Probability},
  pages={281--297},
  year={1967}
}

% TinyML
@book{warden2019,
  title={TinyML: Machine Learning with TensorFlow Lite on Arduino and Ultra-Low-Power Microcontrollers},
  author={Warden, P. and Situnayake, D.},
  publisher={O'Reilly Media},
  address={Sebastopol, CA, USA},
  year={2019}
}

@inproceedings{david2021,
  title={TensorFlow Lite Micro: Embedded machine learning on TinyML systems},
  author={David, R. and others},
  booktitle={Proceedings of Machine Learning and Systems (MLSys)},
  volume={3},
  pages={800--811},
  year={2021}
}

@article{banbury2021,
  title={MLPerf Tiny Benchmark},
  author={Banbury, C. and others},
  journal={NeurIPS Datasets and Benchmarks},
  year={2021},
  doi={10.48550/arXiv.2106.07597}
}

@article{reddi2022,
  title={TinyML: Widening access to machine learning by bringing deep learning to the edge},
  author={Reddi, V. J. and Kennedy, S. and Moroney, L. and Warden, P. and Agarwal, A.},
  journal={Harvard Data Science Review},
  volume={4},
  number={1},
  year={2022},
  doi={10.1162/99608f92.3e92f91f}
}

% Recent reviews
@article{hector2024,
  title={Predictive maintenance in Industry 4.0: a survey of planning models and machine learning techniques},
  author={Hector, I. and Panjanathan, R.},
  journal={PeerJ Computer Science},
  volume={10},
  pages={e2016},
  year={2024},
  doi={10.7717/peerj-cs.2016}
}

@article{achouch2022,
  title={On Predictive Maintenance in Industry 4.0: Overview, Concepts and Challenges},
  author={Achouch, M. and Berrichi, L. and Benhadou, N.},
  journal={Applied Sciences},
  volume={12},
  number={16},
  pages={8081},
  year={2022},
  doi={10.3390/app12168081}
}

@article{tsoukas2024,
  title={A Review on the Emerging Technology of TinyML},
  author={Tsoukas, V. and Gkogkidis, A. and Boumpa, E. and Kakarountas, A.},
  journal={ACM Computing Surveys},
  volume={56},
  number={10},
  pages={259},
  year={2024},
  doi={10.1145/3661820}
}

@article{kong2022,
  title={Edge-Computing-Driven Internet of Things: A Survey},
  author={Kong, L. and Zheng, Z. and Wu, J. and others},
  journal={ACM Computing Surveys},
  volume={55},
  number={8},
  pages={174},
  year={2022},
  doi={10.1145/3555308}
}

@article{matania2024,
  title={Signal Processing for the Condition-Based Maintenance of Rotating Machines via Vibration Analysis: A Tutorial},
  author={Matania, O. and Bachar, L. and Bechhoefer, E. and Bortman, J.},
  journal={Sensors},
  volume={24},
  number={2},
  pages={454},
  year={2024},
  doi={10.3390/s24020454}
}

@article{hassan2024,
  title={An In-Depth Study of Vibration Sensors for Condition Monitoring},
  author={Hassan, I. U. and Panduru, K. and Walsh, J.},
  journal={Sensors},
  volume={24},
  number={3},
  pages={740},
  year={2024},
  doi={10.3390/s24030740}
}

@article{arciniegas2025,
  title={IoT device for detecting abnormal vibrations in motors using TinyML},
  author={Arciniegas, S. and Rivero, D. and Piñan, J. and Diaz, E. and Rivas, F.},
  journal={Discover Internet of Things},
  volume={5},
  pages={41},
  year={2025},
  doi={10.1007/s43926-025-00142-4}
}

% Industry reports
@techreport{mckinsey2017,
  title={Manufacturing: Analytics unleashes productivity and profitability},
  author={{McKinsey \& Company}},
  year={2017},
  month={August},
  note={Available: https://www.mckinsey.com/capabilities/operations/our-insights/manufacturing-analytics-unleashes-productivity-and-profitability}
}

@techreport{mckinsey2021,
  title={Establishing the right analytics-based maintenance strategy},
  author={{McKinsey \& Company}},
  year={2021},
  month={July},
  note={Available: https://www.mckinsey.com/capabilities/operations/our-insights/establishing-the-right-analytics-based-maintenance-strategy}
}

@techreport{siemens2024,
  title={The True Cost of Downtime 2024},
  author={{Siemens (Senseye)}},
  year={2024},
  note={Available: https://assets.new.siemens.com/siemens/assets/api/uuid:1b43afb5-2d07-47f7-9eb7-893fe7d0bc59/TCOD-2024\_original.pdf}
}

@techreport{oecd2021,
  title={The Digital Transformation of SMEs},
  author={{OECD}},
  year={2021},
  note={Available: https://www.oecd.org/content/dam/oecd/en/publications/reports/2021/02/the-digital-transformation-of-smes\_ec3163f5/bdb9256a-en.pdf}
}

@book{randall2011,
  title={Vibration-based Condition Monitoring: Industrial, Automotive and Aerospace Applications},
  author={Randall, R. B.},
  publisher={Wiley},
  address={Chichester, U.K.},
  year={2011}
}